[gd_scene load_steps=22 format=2]

[ext_resource path="res://assets/sprites/pink.png" type="Texture" id=1]
[ext_resource path="res://scenes/blocks/PinkBlock.gd" type="Script" id=2]
[ext_resource path="res://assets/sounds/metal_1.wav" type="AudioStream" id=3]
[ext_resource path="res://assets/sounds/alerts/alert_beeps.wav" type="AudioStream" id=4]
[ext_resource path="res://scenes/ExplosionAnimation.tscn" type="PackedScene" id=5]
[ext_resource path="res://assets/sounds/explosion.wav" type="AudioStream" id=14]
[ext_resource path="res://assets/sounds/alerts/alert_klaxxon.wav" type="AudioStream" id=15]
[ext_resource path="res://assets/sprites/animated_timer/cooldown_45.png" type="Texture" id=16]
[ext_resource path="res://assets/sprites/animated_timer/cooldown_315.png" type="Texture" id=17]
[ext_resource path="res://assets/sprites/animated_timer/cooldown_90.png" type="Texture" id=18]
[ext_resource path="res://assets/sprites/animated_timer/cooldown_270.png" type="Texture" id=19]
[ext_resource path="res://assets/sprites/animated_timer/cooldown_225.png" type="Texture" id=20]
[ext_resource path="res://assets/sprites/animated_timer/cooldown_180.png" type="Texture" id=21]
[ext_resource path="res://assets/sprites/animated_timer/cooldown_120.png" type="Texture" id=22]
[ext_resource path="res://assets/sprites/animated_timer/cooldown_0.png" type="Texture" id=23]

[sub_resource type="PhysicsMaterial" id=1]
friction = 0.0
bounce = 0.1

[sub_resource type="RectangleShape2D" id=2]
extents = Vector2( 31.6195, 31.5582 )

[sub_resource type="RectangleShape2D" id=3]
extents = Vector2( 32.2613, 31.7619 )

[sub_resource type="CircleShape2D" id=4]
radius = 108.228

[sub_resource type="CircleShape2D" id=5]

[sub_resource type="SpriteFrames" id=6]
animations = [ {
"frames": [ ExtResource( 17 ), ExtResource( 19 ), ExtResource( 20 ), ExtResource( 21 ), ExtResource( 22 ), ExtResource( 18 ), ExtResource( 16 ), ExtResource( 23 ) ],
"loop": true,
"name": "default",
"speed": 5.0
} ]

[node name="PinkBlock" type="RigidBody2D"]
z_index = 1
mass = 20.0
physics_material_override = SubResource( 1 )
gravity_scale = 0.0
linear_damp = 2.0
script = ExtResource( 2 )
__meta__ = {
"_edit_group_": true
}
speed = 80

[node name="Sprite" type="Sprite" parent="."]
texture = ExtResource( 1 )

[node name="CollisionShape2D" type="CollisionShape2D" parent="."]
shape = SubResource( 2 )

[node name="HitSound" type="AudioStreamPlayer" parent="."]
stream = ExtResource( 3 )

[node name="TrackingSound" type="AudioStreamPlayer" parent="."]
stream = ExtResource( 4 )
bus = "Music"

[node name="DetonationTimer" type="Timer" parent="."]
wait_time = 0.6
one_shot = true

[node name="DetonationSound" type="AudioStreamPlayer" parent="."]
stream = ExtResource( 15 )

[node name="HitArea" type="Area2D" parent="."]

[node name="HitCollision" type="CollisionShape2D" parent="HitArea"]
shape = SubResource( 3 )

[node name="HitTween" type="Tween" parent="."]

[node name="TrackArea" type="Area2D" parent="."]
scale = Vector2( 1.25, 1.25 )

[node name="CollisionShape2D" type="CollisionShape2D" parent="TrackArea"]
shape = SubResource( 4 )

[node name="TrackingTimer" type="Timer" parent="."]
one_shot = true

[node name="ExplosionShockwave" type="CollisionShape2D" parent="."]
scale = Vector2( 0.65, 0.65 )
shape = SubResource( 5 )

[node name="ExplosionTween" type="Tween" parent="."]

[node name="ExplosionSound" type="AudioStreamPlayer" parent="."]
stream = ExtResource( 14 )

[node name="CountdownAnimation" type="AnimatedSprite" parent="."]
visible = false
scale = Vector2( 0.2, 0.2 )
frames = SubResource( 6 )
frame = 1
speed_scale = 0.5

[node name="ExplosionAnimation" parent="." instance=ExtResource( 5 )]

[connection signal="timeout" from="DetonationTimer" to="." method="_on_DetonationTimer_timeout"]
[connection signal="finished" from="DetonationSound" to="." method="_on_DetonationSound_finished"]
[connection signal="body_entered" from="HitArea" to="." method="_on_HitArea_body_entered"]
[connection signal="body_entered" from="TrackArea" to="." method="_on_TrackArea_body_entered"]
[connection signal="body_exited" from="TrackArea" to="." method="_on_TrackArea_body_exited"]
[connection signal="timeout" from="TrackingTimer" to="." method="_on_TrackingTimer_timeout"]
[connection signal="finished" from="ExplosionSound" to="." method="_on_ExplosionSound_finished"]
