[gd_scene load_steps=14 format=2]

[ext_resource path="res://scenes/levels/Level11.gd" type="Script" id=1]
[ext_resource path="res://assets/backgrounds/grass.jpg" type="Texture" id=2]
[ext_resource path="res://scenes/blocks/WoodPlatformMedium.tscn" type="PackedScene" id=3]
[ext_resource path="res://scenes/blobs/BlobGreen.tscn" type="PackedScene" id=4]
[ext_resource path="res://scenes/blocks/WoodSquare.tscn" type="PackedScene" id=5]
[ext_resource path="res://scenes/blocks/LandMine.tscn" type="PackedScene" id=6]
[ext_resource path="res://scenes/Tank.tscn" type="PackedScene" id=7]
[ext_resource path="res://assets/sounds/music/BGM_Alpha.ogg" type="AudioStream" id=8]
[ext_resource path="res://scenes/HUD.tscn" type="PackedScene" id=9]
[ext_resource path="res://scenes/blocks/OrangeBlock.tscn" type="PackedScene" id=10]
[ext_resource path="res://scenes/blocks/BlueBlock.tscn" type="PackedScene" id=11]
[ext_resource path="res://scenes/blocks/WoodPlatformSmall.tscn" type="PackedScene" id=12]
[ext_resource path="res://scenes/blocks/WoodPlatformLong.tscn" type="PackedScene" id=14]

[node name="Level11" type="Node"]
script = ExtResource( 1 )

[node name="Background" type="Sprite" parent="."]
position = Vector2( 515, 326 )
texture = ExtResource( 2 )

[node name="WallLeft" type="Node2D" parent="."]
__meta__ = {
"_edit_group_": true
}

[node name="WoodPlatformLong" parent="WallLeft" instance=ExtResource( 14 )]
position = Vector2( 30, 180 )
rotation = 1.5708
scale = Vector2( 0.9, 0.9 )

[node name="WoodPlatformLong2" parent="WallLeft" instance=ExtResource( 14 )]
position = Vector2( 30, 460 )
rotation = 1.5708
scale = Vector2( 0.9, 0.9 )

[node name="WallRight" type="Node2D" parent="."]
position = Vector2( 965, 0 )
__meta__ = {
"_edit_group_": true
}

[node name="WoodPlatformLong3" parent="WallRight" instance=ExtResource( 14 )]
position = Vector2( 30, 180 )
rotation = 1.5708
scale = Vector2( 0.9, 0.9 )

[node name="WoodPlatformLong4" parent="WallRight" instance=ExtResource( 14 )]
position = Vector2( 30, 460 )
rotation = 1.5708
scale = Vector2( 0.9, 0.9 )

[node name="Blocks" type="Node2D" parent="."]

[node name="BlueBlock" parent="Blocks" instance=ExtResource( 11 )]
position = Vector2( 548.331, 243.894 )

[node name="OrangeBlock" parent="Blocks" instance=ExtResource( 10 )]
position = Vector2( 924.121, 82.1619 )

[node name="LandMine" parent="Blocks" instance=ExtResource( 6 )]
position = Vector2( 180.866, 191.569 )

[node name="WoodSquare" parent="Blocks" instance=ExtResource( 5 )]
position = Vector2( 640.983, 403.141 )

[node name="WoodPlatformSmall" parent="Blocks" instance=ExtResource( 12 )]
position = Vector2( 386.493, 198.598 )

[node name="WoodPlatformSmall2" parent="Blocks" instance=ExtResource( 12 )]
position = Vector2( 247.355, 380.546 )
rotation = 1.5708

[node name="Ceiling" type="Node2D" parent="."]
position = Vector2( 0, 10 )
__meta__ = {
"_edit_group_": true
}

[node name="WoodPlatformMedium" parent="Ceiling" instance=ExtResource( 3 )]
position = Vector2( 100, 0 )

[node name="WoodPlatformLong" parent="Ceiling" instance=ExtResource( 14 )]
position = Vector2( 360, 0 )

[node name="WoodPlatformLong2" parent="Ceiling" instance=ExtResource( 14 )]
position = Vector2( 670, 0 )

[node name="WoodPlatformMedium2" parent="Ceiling" instance=ExtResource( 3 )]
position = Vector2( 925, 0 )

[node name="Floor" type="Node2D" parent="."]
position = Vector2( 0, 630 )
__meta__ = {
"_edit_group_": true
}

[node name="WoodPlatformMedium" parent="Floor" instance=ExtResource( 3 )]
position = Vector2( 100, 0 )

[node name="WoodPlatformLong" parent="Floor" instance=ExtResource( 14 )]
position = Vector2( 360, 0 )

[node name="WoodPlatformLong2" parent="Floor" instance=ExtResource( 14 )]
position = Vector2( 670, 0 )

[node name="WoodPlatformMedium2" parent="Floor" instance=ExtResource( 3 )]
position = Vector2( 925, 0 )

[node name="Tank" parent="." instance=ExtResource( 7 )]
position = Vector2( 577.195, 517.948 )
rotation = 4.71239

[node name="Music" type="AudioStreamPlayer" parent="."]
stream = ExtResource( 8 )
bus = "Music"

[node name="ShakeCamera" type="Camera2D" parent="."]
position = Vector2( 511, 321 )
current = true

[node name="HUD" parent="." instance=ExtResource( 9 )]

[node name="Blobs" type="Node2D" parent="."]

[node name="BlobGreen" parent="Blobs" instance=ExtResource( 4 )]
position = Vector2( 331.789, 455.467 )

[node name="BlobGreen2" parent="Blobs" instance=ExtResource( 4 )]
position = Vector2( 774.174, 416.223 )
