[gd_scene load_steps=17 format=2]

[ext_resource path="res://scenes/levels/Level8.gd" type="Script" id=1]
[ext_resource path="res://assets/backgrounds/snow.jpg" type="Texture" id=2]
[ext_resource path="res://scenes/blocks/WoodPlatformMedium.tscn" type="PackedScene" id=3]
[ext_resource path="res://scenes/blobs/BlobBlue.tscn" type="PackedScene" id=4]
[ext_resource path="res://scenes/blobs/BlobRed.tscn" type="PackedScene" id=5]
[ext_resource path="res://scenes/blocks/GreyBlock.tscn" type="PackedScene" id=6]
[ext_resource path="res://scenes/Tank.tscn" type="PackedScene" id=7]
[ext_resource path="res://assets/sounds/music/BGM_Alpha.ogg" type="AudioStream" id=8]
[ext_resource path="res://scenes/HUD.tscn" type="PackedScene" id=9]
[ext_resource path="res://scenes/blocks/BlueBlock.tscn" type="PackedScene" id=10]
[ext_resource path="res://scenes/blocks/OrangeBlock.tscn" type="PackedScene" id=11]
[ext_resource path="res://scenes/blobs/BlobYellow.tscn" type="PackedScene" id=12]
[ext_resource path="res://scenes/blocks/IcePlatformSmall.tscn" type="PackedScene" id=13]
[ext_resource path="res://scenes/blocks/WoodPlatformLong.tscn" type="PackedScene" id=14]
[ext_resource path="res://scenes/blocks/IceSquare.tscn" type="PackedScene" id=15]
[ext_resource path="res://scenes/blocks/PinkBlock.tscn" type="PackedScene" id=16]

[node name="Level8" type="Node"]
script = ExtResource( 1 )

[node name="Background" type="Sprite" parent="."]
position = Vector2( 515, 326 )
texture = ExtResource( 2 )

[node name="WallLeft" type="Node2D" parent="."]
__meta__ = {
"_edit_group_": true
}

[node name="WoodPlatformLong" parent="WallLeft" instance=ExtResource( 14 )]
position = Vector2( 30, 180 )
rotation = 1.5708
scale = Vector2( 0.9, 0.9 )

[node name="WoodPlatformLong2" parent="WallLeft" instance=ExtResource( 14 )]
position = Vector2( 30, 460 )
rotation = 1.5708
scale = Vector2( 0.9, 0.9 )

[node name="WallRight" type="Node2D" parent="."]
position = Vector2( 965, 0 )
__meta__ = {
"_edit_group_": true
}

[node name="WoodPlatformLong3" parent="WallRight" instance=ExtResource( 14 )]
position = Vector2( 30, 180 )
rotation = 1.5708
scale = Vector2( 0.9, 0.9 )

[node name="WoodPlatformLong4" parent="WallRight" instance=ExtResource( 14 )]
position = Vector2( 30, 460 )
rotation = 1.5708
scale = Vector2( 0.9, 0.9 )

[node name="Blocks" type="Node2D" parent="."]

[node name="BlueBlock" parent="Blocks" instance=ExtResource( 10 )]
position = Vector2( 440.007, 390.06 )

[node name="GreyBlock" parent="Blocks" instance=ExtResource( 6 )]
position = Vector2( 135.57, 153.408 )

[node name="OrangeBlock" parent="Blocks" instance=ExtResource( 11 )]
position = Vector2( 718.801, 480.646 )

[node name="IcePlatformSmall" parent="Blocks" instance=ExtResource( 13 )]
position = Vector2( 541.766, 309.941 )
rotation = 1.5708

[node name="IceSquare" parent="Blocks" instance=ExtResource( 15 )]
position = Vector2( 190.248, 446.012 )

[node name="IceSquare2" parent="Blocks" instance=ExtResource( 15 )]
position = Vector2( 720.675, 196.548 )

[node name="PinkBlock" parent="Blocks" instance=ExtResource( 16 )]
position = Vector2( 854.226, 153.71 )

[node name="Ceiling" type="Node2D" parent="."]
position = Vector2( 0, 10 )
__meta__ = {
"_edit_group_": true
}

[node name="WoodPlatformMedium" parent="Ceiling" instance=ExtResource( 3 )]
position = Vector2( 100, 0 )

[node name="WoodPlatformLong" parent="Ceiling" instance=ExtResource( 14 )]
position = Vector2( 360, 0 )

[node name="WoodPlatformLong2" parent="Ceiling" instance=ExtResource( 14 )]
position = Vector2( 670, 0 )

[node name="WoodPlatformMedium2" parent="Ceiling" instance=ExtResource( 3 )]
position = Vector2( 925, 0 )

[node name="Floor" type="Node2D" parent="."]
position = Vector2( 0, 630 )
__meta__ = {
"_edit_group_": true
}

[node name="WoodPlatformMedium" parent="Floor" instance=ExtResource( 3 )]
position = Vector2( 100, 0 )

[node name="WoodPlatformLong" parent="Floor" instance=ExtResource( 14 )]
position = Vector2( 360, 0 )

[node name="WoodPlatformLong2" parent="Floor" instance=ExtResource( 14 )]
position = Vector2( 670, 0 )

[node name="WoodPlatformMedium2" parent="Floor" instance=ExtResource( 3 )]
position = Vector2( 925, 0 )

[node name="Tank" parent="." instance=ExtResource( 7 )]
position = Vector2( 583.175, 196.052 )

[node name="Music" type="AudioStreamPlayer" parent="."]
stream = ExtResource( 8 )
bus = "Music"

[node name="ShakeCamera" type="Camera2D" parent="."]
position = Vector2( 511, 321 )
current = true

[node name="HUD" parent="." instance=ExtResource( 9 )]

[node name="Blobs" type="Node2D" parent="."]

[node name="BlobGreen" parent="Blobs" instance=ExtResource( 5 )]
position = Vector2( 839.58, 478.061 )

[node name="BlobGreen2" parent="Blobs" instance=ExtResource( 4 )]
position = Vector2( 321.086, 97.515 )

[node name="BlobGreen3" parent="Blobs" instance=ExtResource( 12 )]
position = Vector2( 825.31, 268.761 )
