[gd_scene load_steps=14 format=2]

[ext_resource path="res://scenes/levels/Level1.gd" type="Script" id=1]
[ext_resource path="res://assets/backgrounds/tilesetOpenGameBackground_3.png" type="Texture" id=2]
[ext_resource path="res://scenes/blocks/Wall.tscn" type="PackedScene" id=3]
[ext_resource path="res://scenes/blocks/BouncySquare.tscn" type="PackedScene" id=4]
[ext_resource path="res://scenes/blocks/Floor.tscn" type="PackedScene" id=5]
[ext_resource path="res://scenes/blocks/GreyBlock.tscn" type="PackedScene" id=6]
[ext_resource path="res://scenes/Tank.tscn" type="PackedScene" id=7]
[ext_resource path="res://assets/sounds/music/BGM_Alpha.ogg" type="AudioStream" id=8]
[ext_resource path="res://scenes/HUD.tscn" type="PackedScene" id=9]
[ext_resource path="res://scenes/blocks/RedBlock.tscn" type="PackedScene" id=10]
[ext_resource path="res://scenes/blocks/PurpleBlock.tscn" type="PackedScene" id=11]
[ext_resource path="res://scenes/blobs/BlobYellow.tscn" type="PackedScene" id=12]
[ext_resource path="res://scenes/blobs/BlobGreen.tscn" type="PackedScene" id=13]

[node name="Level1" type="Node"]
script = ExtResource( 1 )

[node name="Background" type="Sprite" parent="."]
position = Vector2( 515, 326 )
scale = Vector2( 3.34375, 2.53125 )
texture = ExtResource( 2 )

[node name="Walls" type="Node2D" parent="."]
position = Vector2( 20, 50 )
__meta__ = {
"_edit_group_": true
}

[node name="Wall" parent="Walls" instance=ExtResource( 3 )]
position = Vector2( 10.3165, 90.3451 )

[node name="Wall2" parent="Walls" instance=ExtResource( 3 )]
position = Vector2( 10.4842, 270.68 )

[node name="Wall3" parent="Walls" instance=ExtResource( 3 )]
position = Vector2( 10.6057, 450.619 )

[node name="Walls2" type="Node2D" parent="."]
position = Vector2( 980, 50 )
__meta__ = {
"_edit_group_": true
}

[node name="Wall" parent="Walls2" instance=ExtResource( 3 )]
position = Vector2( 10.3165, 90.3451 )

[node name="Wall2" parent="Walls2" instance=ExtResource( 3 )]
position = Vector2( 10.4842, 270.68 )

[node name="Wall3" parent="Walls2" instance=ExtResource( 3 )]
position = Vector2( 10.6057, 450.619 )

[node name="Blocks" type="Node2D" parent="."]

[node name="PurpleBlock" parent="Blocks" instance=ExtResource( 11 )]
position = Vector2( 428.114, 434.061 )

[node name="GreyBlock" parent="Blocks" instance=ExtResource( 6 )]
position = Vector2( 147.462, 177.192 )

[node name="RedBlock" parent="Blocks" instance=ExtResource( 10 )]
position = Vector2( 805.093, 459.034 )

[node name="BouncySquare" parent="Blocks" instance=ExtResource( 4 )]
position = Vector2( 558.928, 206.922 )

[node name="BouncySquare2" parent="Blocks" instance=ExtResource( 4 )]
position = Vector2( 229.517, 272.329 )

[node name="BouncySquare3" parent="Blocks" instance=ExtResource( 4 )]
position = Vector2( 229.517, 272.329 )

[node name="Floors" type="Node2D" parent="."]
position = Vector2( 0, 10 )
__meta__ = {
"_edit_group_": true
}

[node name="Floor" parent="Floors" instance=ExtResource( 5 )]
position = Vector2( 120, 10 )

[node name="Floor2" parent="Floors" instance=ExtResource( 5 )]
position = Vector2( 380, 10 )

[node name="Floor3" parent="Floors" instance=ExtResource( 5 )]
position = Vector2( 640, 10 )

[node name="Floor4" parent="Floors" instance=ExtResource( 5 )]
position = Vector2( 900, 10 )

[node name="Floors2" type="Node2D" parent="."]
position = Vector2( 0, 610 )
__meta__ = {
"_edit_group_": true
}

[node name="Floor" parent="Floors2" instance=ExtResource( 5 )]
position = Vector2( 120, 10 )

[node name="Floor2" parent="Floors2" instance=ExtResource( 5 )]
position = Vector2( 380, 10 )

[node name="Floor3" parent="Floors2" instance=ExtResource( 5 )]
position = Vector2( 640, 10 )

[node name="Floor4" parent="Floors2" instance=ExtResource( 5 )]
position = Vector2( 900, 10 )

[node name="Tank" parent="." instance=ExtResource( 7 )]
position = Vector2( 180, 380 )

[node name="Music" type="AudioStreamPlayer" parent="."]
stream = ExtResource( 8 )
bus = "Music"

[node name="ShakeCamera" type="Camera2D" parent="."]
position = Vector2( 511, 321 )
current = true

[node name="HUD" parent="." instance=ExtResource( 9 )]

[node name="Blobs" type="Node2D" parent="."]

[node name="BlobGreen" parent="Blobs" instance=ExtResource( 13 )]
position = Vector2( 271.139, 510.17 )

[node name="BlobGreen2" parent="Blobs" instance=ExtResource( 13 )]
position = Vector2( 325.843, 122.488 )

[node name="BlobGreen3" parent="Blobs" instance=ExtResource( 12 )]
position = Vector2( 787.255, 225.949 )
